% This file was created with JabRef 2.10.
% Encoding: UTF-8


@Article{csimcsekli2015alpha,
  Title                    = {Alpha-stable matrix factorization},
  Author                   = {{\c{S}}im{\c{s}}ekli, U. and Liutkus, A. and Cemgil, A.T.},
  Journal                  = IEEE_J_SPL,
  Year                     = {2015},
  Number                   = {12},
  Pages                    = {2289--2293},
  Volume                   = {22},

  Owner                    = {mafontai},
  Publisher                = {IEEE},
  Timestamp                = {2016.07.26}
}

@InProceedings{simsekli2018alphastable,
  Title                    = {Alpha-stable low-rank plus residual decomposition for speech enhancement},
  Author                   = {{\c{S}}im{\c{s}}ekli, U. and others},
  Booktitle                = {Acoustics, Speech and Signal Processing (ICASSP), 2018 IEEE International Conference on},
  Year                     = {2018},
  Organization             = {IEEE},

  Owner                    = {mafontai},
  Timestamp                = {2018.02.01}
}

@article{ansi1997,
  title={S3. 5-1997, Methods for the calculation of the speech intelligibility index},
  author={ANSI},
  journal={New York: American National Standards Institute},
  volume={19},
  pages={90--119},
  year={1997}
}


@InProceedings{arberet2010nonnegative,
  Title                    = {Nonnegative matrix factorization and spatial covariance model for under-determined reverberant audio source separation},
  Author                   = {Arberet, S. and Ozerov, A. and Duong, N. QK and Vincent, E. and Gribonval, R. and Bimbot, F. and Vandergheynst, P.},
  Booktitle                = {International Conference on Information Sciences Signal Processing and their Applications (ISSPA)},
  Year                     = {2010},
  Organization             = {IEEE},
  Pages                    = {1--4}
}

@Article{asmussen2003applied,
  Title                    = {Applied probability and queues: Stochastic modelling and applied probability},
  Author                   = {Asmussen, S.},
  Journal                  = {Applications of Mathematics (New York)},
  Year                     = {2003},
  Volume                   = {51}
}

@Article{benesty2008noncausal,
  Title                    = {Noncausal (frequency-domain) optimal filters},
  Author                   = {Benesty, J. and Chen, J. and Huang, Y.},
  Journal                  = {Microphone array signal processing},
  Year                     = {2008},
  Pages                    = {115--137},

  Owner                    = {mafontai},
  Publisher                = {Springer},
  Timestamp                = {2018.01.31}
}

@Article{Boutsidis2016,
  Title                    = {{SVD} based initialization: A head start for nonnegative matrix factorization},
  Author                   = {Boutsidis, C. and Gallopoulos, E.},
  Journal                  = {Pattern Recognition},
  Year                     = {2008},
  Number                   = {4},
  Pages                    = {1350--1362},
  Volume                   = {41},

  Publisher                = {Elsevier}
}

@Article{cambanis1983alpha,
  Title                    = {On $\alpha$-symmetric multivariate distributions},
  Author                   = {Cambanis, S. and Keener, R. and Simons, G.},
  Journal                  = {Journal of Multivariate Analysis},
  Year                     = {1983},
  Number                   = {2},
  Pages                    = {213--233},
  Volume                   = {13},

  Publisher                = {Elsevier}
}

@Article{cohen2002optimal,
  Title                    = {Optimal speech enhancement under signal presence uncertainty using log-spectral amplitude estimator},
  Author                   = {Cohen, I.},
  Journal                  = IEEE_J_SPL,
  Year                     = {2002},
  Number                   = {4},
  Pages                    = {113--116},
  Volume                   = {9},

  Publisher                = {IEEE}
}

@Article{doclo2002gsvd,
  title={GSVD-based optimal filtering for single and multimicrophone speech enhancement},
  author={Doclo, S. and Moonen, M.},
  journal={IEEE Transactions on Signal Processing},
  volume={50},
  number={9},
  pages={2230--2244},
  year={2002},
  publisher={IEEE}
}

@article{doclo2007frequency,
  title={Frequency-domain criterion for the speech distortion weighted multichannel wiener filter for robust noise reduction},
  author={Doclo, Simon and Spriet, Ann and Wouters, Jan and Moonen, Marc},
  journal={Speech Communication},
  volume={49},
  number={7-8},
  pages={636--656},
  year={2007},
  publisher={Elsevier}
}

@Article{duong_TSALP2010,
  Title                    = {Under-Determined Reverberant Audio Source Separation Using a Full-Rank Spatial Covariance Model},
  Author                   = {Duong, N.Q.K. and Vincent, E. and Gribonval, R.},
  Journal                  = IEEE_J_ASLP,
  Year                     = {2010},

  Month                    = {sept. },
  Number                   = {7},
  Pages                    = {1830 -1840},
  Volume                   = {18},

  Doi                      = {10.1109/TASL.2010.2050716},
  ISSN                     = {1558-7916},
  Keywords                 = {audio source separation;blind source separation;covariance encodes;full-rank unconstrained model;iterative expectation-maximization algorithms;mixture channels;spatial characteristics;spatial covariance model;time frequency domain;underdetermined reverberant;zero-mean Gaussian random variable;audio signal processing;covariance analysis;source separation;},
  Owner                    = {papa},
  Timestamp                = {2012.05.14}
}

@Article{ephraim1985speech,
  Title                    = {Speech enhancement using a minimum mean-square error log-spectral amplitude estimator},
  Author                   = {Ephraim, Y. and Malah, D.},
  Journal                  = IEEE_J_ASSP,
  Year                     = {1985},
  Number                   = {2},
  Pages                    = {443--445},
  Volume                   = {33},

  Owner                    = {mafontai},
  Publisher                = {IEEE},
  Timestamp                = {2018.01.18}
}

@Article{ephraim1984speech,
  Title                    = {Speech enhancement using a minimum-mean square error short-time spectral amplitude estimator},
  Author                   = {Ephraim, Y. and Malah, D.},
  Journal                  = IEEE_J_ASSP,
  Year                     = {1984},
  Number                   = {6},
  Pages                    = {1109--1121},
  Volume                   = {32},

  Owner                    = {mafontai},
  Publisher                = {IEEE},
  Timestamp                = {2018.01.18}
}

@Article{fevotte2011algorithms,
  Title                    = {Algorithms for nonnegative matrix factorization with the $\beta$-divergence},
  Author                   = {F{\'e}votte, C. and Idier, J.},
  Journal                  = {Neural computation},
  Year                     = {2011},
  Number                   = {9},
  Pages                    = {2421--2456},
  Volume                   = {23},

  Owner                    = {mafontai},
  Publisher                = {MIT Press},
  Timestamp                = {2018.01.25}
}

@Article{fitzgerald2016projection,
  Title                    = {Projection-based demixing of spatial audio},
  Author                   = {Fitzgerald, D. and Liutkus, A. and Badeau, R.},
  Journal                  = IEEE_J_ASLP,
  Year                     = {2016},

  Month                    = sep,
  Number                   = {9},
  Pages                    = {1560--1572},
  Volume                   = {24},

  __markedentry            = {[mafontai:1]},
  Owner                    = {mafontai},
  Publisher                = {IEEE},
  Timestamp                = {2016.07.22}
}

@InProceedings{fontaine2017WASPAA,
  Title                    = {Parameterized {W}iener filtering for single-channel denoising},
  Author                   = {Fontaine, M. and Liutkus, A. and Girin, L. and Badeau, R.},
  Booktitle                = {Workshop on Applications of Signal Processing to Audio and Acoustics (WASPAA)},
  Year                     = {2017},

  Owner                    = {mafontai},
  Timestamp                = {2017.09.15}
}

@InProceedings{fontaine2017scalable,
  Title                    = {SCALABLE SOURCE LOCALIZATION WITH MULTICHANNEL $\alpha$-STABLE DISTRIBUTIONS},
  Author                   = {Fontaine, M.and Vanwynsberghe, C. and Liutkus, A. and Badeau, R.},
  Booktitle                = {25th European Signal Processing Conference (EUSIPCO 2017)},
  Year                     = {2017}
}

@Article{gannot2001signal,
  Title                    = {Signal enhancement using beamforming and nonstationarity with applications to speech},
  Author                   = {Gannot, S. and Burshtein, D. and Weinstein, E.},
  Journal                  = IEEE_J_SP,
  Year                     = {2001},
  Number                   = {8},
  Pages                    = {1614--1626},
  Volume                   = {49},

  Owner                    = {mafontai},
  Publisher                = {IEEE},
  Timestamp                = {2018.01.18}
}

@Article{goodman1963statistical,
  Title                    = {Statistical analysis based on a certain multivariate complex Gaussian distribution (an introduction)},
  Author                   = {Goodman, N. R.},
  Journal                  = {The Annals of mathematical statistics},
  Year                     = {1963},
  Number                   = {1},
  Pages                    = {152--177},
  Volume                   = {34},

  Publisher                = {JSTOR}
}

@Article{greenberg1993intelligibility,
  Title                    = {Intelligibility-weighted measures of speech-to-interference ratio and speech system performance},
  Author                   = {Greenberg, JE and Peterson, PM and Zurek, PM},
  Journal                  = {The Journal of the Acoustical Society of America},
  Year                     = {1993},
  Number                   = {5},
  Pages                    = {3009--3010},
  Volume                   = {94},

  Publisher                = {ASA}
}

@InProceedings{hirsch2000aurora,
  Title                    = {The Aurora experimental framework for the performance evaluation of speech recognition systems under noisy conditions},
  Author                   = {Hirsch, H. and Pearce, D.},
  Booktitle                = {ASR2000-Automatic Speech Recognition: Challenges for the new Millenium ISCA Tutorial and Research Workshop (ITRW)},
  Year                     = {2000}
}

@InProceedings{leglaive2017alpha,
  Title                    = {Alpha-Stable Multichannel Audio Source Separation},
  Author                   = {Leglaive, S and Simsekli, U and Liutkus, A and Badeau, R and Richard, G},
  Booktitle                = {42nd International Conference on Acoustics, Speech and Signal Processing (ICASSP)},
  Year                     = {2017}
}

@InProceedings{liutkus2015generalized,
  Title                    = {Generalized {W}iener filtering with fractional power spectrograms},
  Author                   = {Liutkus, A. and Badeau, R.},
  Booktitle                = {International Conference on Acoustics, Speech and Signal Processing (ICASSP)},
  Year                     = {2015},
  Organization             = {IEEE},
  Pages                    = {266--270},

  Owner                    = {mafontai},
  Timestamp                = {2016.05.17}
}

@Article{liutkus2011gaussian,
  Title                    = {Gaussian processes for underdetermined source separation},
  Author                   = {Liutkus, A. and Badeau, R. and Richard, G.},
  Journal                  = IEEE_J_SP,
  Year                     = {2011},
  Number                   = {7},
  Pages                    = {3155--3167},
  Volume                   = {59},

  __markedentry            = {[mafontai:1]},
  Owner                    = {mafontai},
  Publisher                = {IEEE},
  Timestamp                = {2016.07.22}
}

@Book{loizou2013speech,
  Title                    = {Speech enhancement: theory and practice},
  Author                   = {Loizou, P.C.},
  Publisher                = {CRC press},
  Year                     = {2013}
}

@Article{masry1984spectral,
  Title                    = {Spectral density estimation for stationary stable processes},
  Author                   = {Masry, E. and Cambanis, S.},
  Journal                  = {Stochastic processes and their applications},
  Year                     = {1984},
  Number                   = {1},
  Pages                    = {1--31},
  Volume                   = {18},

  Publisher                = {Elsevier}
}

@Article{mohammadiha2013supervised,
  Title                    = {Supervised and unsupervised speech enhancement using nonnegative matrix factorization},
  Author                   = {Mohammadiha, N. and Smaragdis, P. and Leijon, A.},
  Journal                  = IEEE_J_ASLP,
  Year                     = {2013},
  Number                   = {10},
  Pages                    = {2140--2151},
  Volume                   = {21},

  Publisher                = {IEEE}
}

@Book{nikias1995signal,
  Title                    = {Signal processing with alpha-stable distributions and applications},
  Author                   = {Nikias, C.L. and Shao, M.},
  Publisher                = {Wiley},
  Year                     = {1995},
  Series                   = {Adaptive and learning systems for signal processing, communications, and control},

  __markedentry            = {[mafontai:1]},
  ISBN                     = {9780471106470},
  Lccn                     = {lc95001482},
  Owner                    = {mafontai},
  Timestamp                = {2016.07.23},
  Url                      = {https://books.google.fr/books?id=qgBTAAAAMAAJ}
}

@InProceedings{nugraha2016multichannel,
  Title                    = {Multichannel music separation with deep neural networks},
  Author                   = {Nugraha, A. A. and Liutkus, A. and Vincent, E.},
  Booktitle                = {Signal Processing Conference (EUSIPCO), 2016 24th European},
  Year                     = {2016},
  Organization             = {IEEE},
  Pages                    = {1748--1752},

  Owner                    = {mafontai},
  Timestamp                = {2018.02.01}
}

@InProceedings{panayotov2015librispeech,
  Title                    = {Librispeech: an ASR corpus based on public domain audio books},
  Author                   = {Panayotov, V. and Chen, G. and Povey, D. and Khudanpur, S.},
  Booktitle                = {Acoustics, Speech and Signal Processing (ICASSP), 2015 IEEE International Conference on},
  Year                     = {2015},
  Organization             = {IEEE},
  Pages                    = {5206--5210},

  Owner                    = {mafontai},
  Timestamp                = {2018.02.02}
}

@Book{rasmussen2006gaussian,
  Title                    = {Gaussian processes for machine learning},
  Author                   = {Rasmussen, Carl Edward and Williams, Christopher KI},
  Publisher                = {MIT press Cambridge},
  Year                     = {2006},
  Volume                   = {1}
}

@Book{samoradnitsky1994stable,
  Title                    = {Stable non-{G}aussian random processes: stochastic models with infinite variance},
  Author                   = {Samoradnitsky, G. and Taqqu, M.},
  Publisher                = {CRC Press},
  Year                     = {1994},
  Volume                   = {1},

  __markedentry            = {[mafontai:3]},
  Owner                    = {mafontai},
  Timestamp                = {2017.10.02}
}

@InProceedings{sawada2012efficient,
  Title                    = {Efficient algorithms for multichannel extensions of Itakura-Saito nonnegative matrix factorization},
  Author                   = {Sawada, Hiroshi and Kameoka, Hirokazu and Araki, Shoko and Ueda, Naonori},
  Booktitle                = {International Conference on Acoustics, Speech and Signal Processing (ICASSP)},
  Year                     = {2012},
  Organization             = {IEEE},
  Pages                    = {261--264},

  Owner                    = {mafontai},
  Timestamp                = {2018.01.16}
}

@InProceedings{scalart1996speech,
  Title                    = {Speech enhancement based on a priori signal to noise estimation},
  Author                   = {Scalart, P. and others},
  Booktitle                = {Acoustics, Speech, and Signal Processing, 1996. ICASSP-96. Conference Proceedings., 1996 IEEE International Conference on},
  Year                     = {1996},
  Organization             = {IEEE},
  Pages                    = {629--632},
  Volume                   = {2},

  Owner                    = {mafontai},
  Timestamp                = {2018.01.18}
}

@Book{seber2012linear,
  Title                    = {Linear regression analysis},
  Author                   = {Seber, George AF and Lee, Alan J},
  Publisher                = {John Wiley \& Sons},
  Year                     = {2012},
  Volume                   = {936}
}

@Article{serizel2014low,
  Title                    = {Low-rank approximation based multichannel Wiener filter algorithms for noise reduction with application in cochlear implants},
  Author                   = {Serizel, R. and Moonen, M. and Van Dijk, B. and Wouters, J.},
  Journal                  = {IEEE/ACM Transactions on Audio, Speech, and Language Processing},
  Year                     = {2014},
  Number                   = {4},
  Pages                    = {785--799},
  Volume                   = {22},

  Publisher                = {IEEE}
}

@Article{sun2015speech,
  Title                    = {Speech enhancement under low {SNR} conditions via noise estimation using sparse and low-rank {NMF} with Kullback--Leibler divergence},
  Author                   = {Sun, M. and Li, Y. and Gemmeke, J. F. and Zhang, X.},
  Journal                  = IEEE_J_ASLP,
  Year                     = {2015},
  Number                   = {7},
  Pages                    = {1233--1242},
  Volume                   = {23},

  Publisher                = {IEEE Press}
}

@Article{thomas2014polarization,
  Title                    = {A polarization identity for multilinear maps},
  Author                   = {Thomas, E. GF},
  Journal                  = {Indagationes Mathematicae},
  Year                     = {2014},
  Number                   = {3},
  Pages                    = {468--474},
  Volume                   = {25},

  Publisher                = {Elsevier}
}

@Book{unser2014introduction,
  Title                    = {An introduction to sparse stochastic processes},
  Author                   = {Unser, M. and Tafti, P.D.},
  Publisher                = {Cambridge University Press},
  Year                     = {2014}
}

@Article{van2009speech,
  Title                    = {Speech enhancement with multichannel {W}iener filter techniques in multimicrophone binaural hearing aids},
  Author                   = {Van den Bogaert, T. and Doclo, S. and Wouters, J. and Moonen, M.},
  Journal                  = {The Journal of the Acoustical Society of America},
  Year                     = {2009},
  Number                   = {1},
  Pages                    = {360--371},
  Volume                   = {125},

  Publisher                = {ASA}
}

@Article{van1988beamforming,
  Title                    = {Beamforming: A versatile approach to spatial filtering},
  Author                   = {Van Veen, B. D and Buckley, K. M},
  Journal                  = {IEEE assp magazine},
  Year                     = {1988},
  Number                   = {2},
  Pages                    = {4--24},
  Volume                   = {5},

  Publisher                = {IEEE}
}

@Article{vaughan1970nonrecursive,
  Title                    = {A nonrecursive algebraic solution for the discrete {R}iccati equation},
  Author                   = {Vaughan, D},
  Journal                  = IEEE_J_AC,
  Year                     = {1970},
  Number                   = {5},
  Pages                    = {597--599},
  Volume                   = {15},

  Owner                    = {mafontai},
  Publisher                = {IEEE},
  Timestamp                = {2018.01.17}
}

@Article{vincent2006performance,
  Title                    = {Performance measurement in blind audio source separation},
  Author                   = {Vincent, E. and Gribonval, R. and F{\'e}votte, C.},
  Journal                  = {IEEE transactions on audio, speech, and language processing},
  Year                     = {2006},
  Number                   = {4},
  Pages                    = {1462--1469},
  Volume                   = {14},

  Publisher                = {IEEE}
}

@InProceedings{yoshii2016student,
  Title                    = {Student's t nonnegative matrix factorization and positive semidefinite tensor factorization for single-channel audio source separation},
  Author                   = {Yoshii, K. and Itoyama, K. and Goto, M.},
  Booktitle                = {International Conference on Acoustics, Speech and Signal Processing (ICASSP)},
  Year                     = {2016},
  Organization             = {IEEE},
  Pages                    = {51--55}
}

@comment{jabref-meta: databaseType:bibtex;}
